<?xml version='1.0' encoding='UTF-8'?>
<record xmlns="http://www.loc.gov/MARC21/slim">
  <leader>02501cam a2200397 a 4500</leader>
  <controlfield tag="001">2839685</controlfield>
  <controlfield tag="003">NjP</controlfield>
  <controlfield tag="005">20171020173456.0</controlfield>
  <controlfield tag="008">000225s1867    mr            000 0 ara d</controlfield>
  <datafield tag="024" ind1="7" ind2=" ">
    <subfield code="a">princeton_aco001701</subfield>
    <subfield code="2">local</subfield>
  </datafield>
  <datafield ind1=" " ind2=" " tag="035">
    <subfield code="a">(OCoLC)ocn178187045</subfield>
  </datafield>
  <datafield ind1=" " ind2=" " tag="035">
    <subfield code="a">(OCoLC)178187045</subfield>
  </datafield>
  <datafield ind1=" " ind2=" " tag="035">
    <subfield code="9">CNS2788TS</subfield>
  </datafield>
  <datafield ind1=" " ind2=" " tag="035">
    <subfield code="a">(NjP)2839685</subfield>
  </datafield>
  <datafield ind1=" " ind2=" " tag="040">
    <subfield code="a">NjP</subfield>
    <subfield code="c">PUL</subfield>
    <subfield code="d">PUL</subfield>
  </datafield>
  <datafield ind1=" " ind2=" " tag="049">
    <subfield code="a">PULL</subfield>
  </datafield>
  <datafield ind1=" " ind2=" " tag="079">
    <subfield code="a">ocm78264206</subfield>
  </datafield>
  <datafield ind1="1" ind2=" " tag="100">
    <subfield code="6">880-01</subfield>
    <subfield code="a">Tāwudī, Muḥammad,</subfield>
    <subfield code="d">1699 or 1700-1795.</subfield>
    <subfield code="0">http://id.loc.gov/authorities/names/nr90002372</subfield>
  </datafield>
  <datafield ind1="1" ind2="0" tag="240">
    <subfield code="6">880-02</subfield>
    <subfield code="a">Sharḥ al-Tāwudī ʻalá Tuḥfat al-ḥukkām</subfield>
  </datafield>
  <datafield ind1="1" ind2="0" tag="245">
    <subfield code="6">880-03</subfield>
    <subfield code="a">Hādhā Sharḥ al-Imām al-ʻallāmah al-humām shaykh al-Islām wa-muḥarrir al-nawāzil wa-al-aḥkām Abī ʻAbd Allāh Sayyidī Muḥammad al-Tāwudī ibn Sūdah ʻalá Tuḥfat al-ḥukkām ... lil-Imām ... Muḥammad ibn Muḥammad ibn Muḥammad ibn ʻĀṣim al-Gharnāṭī.</subfield>
  </datafield>
  <datafield ind1="3" ind2="0" tag="246">
    <subfield code="6">880-04</subfield>
    <subfield code="a">Sharḥ Abī ʻAbd Allāh Muḥammad al-Tāwudī ibn Sūdah ʻalá Tuḥfat al-ḥukkām</subfield>
  </datafield>
  <datafield ind1=" " ind2=" " tag="260">
    <subfield code="6">880-05</subfield>
    <subfield code="a">Fās :</subfield>
    <subfield code="b">Maṭbaʻat al-Saʻīdah al-ʻĀmirah,</subfield>
    <subfield code="c">1284 [1867]</subfield>
  </datafield>
  <datafield ind1=" " ind2=" " tag="300">
    <subfield code="a">556 p. ;</subfield>
    <subfield code="c">22 cm.</subfield>
  </datafield>
  <datafield ind1="1" ind2="0" tag="600">
    <subfield code="6">880-06</subfield>
    <subfield code="a">Ibn ʻĀṣim, Muḥammad ibn Muḥammad,</subfield>
    <subfield code="d">1359-1426.</subfield>
    <subfield code="t">Tuḥfat al-ḥukkām fī nukat al-ʻuqūd wa-al-aḥkām.</subfield>
    <subfield code="0">http://id.loc.gov/authorities/names/nr99020835</subfield>
  </datafield>
  <datafield ind1=" " ind2="0" tag="650">
    <subfield code="a">Islamic law</subfield>
    <subfield code="v">Early works to 1800.</subfield>
    <subfield code="0">http://id.loc.gov/authorities/subjects/sh2008104963</subfield>
  </datafield>
  <datafield ind1=" " ind2="7" tag="655">
    <subfield code="a">Lithographs</subfield>
    <subfield code="z">Morocco</subfield>
    <subfield code="y">1867</subfield>
    <subfield code="2">gmgpc</subfield>
  </datafield>
  <datafield ind1="1" ind2=" " tag="880">
    <subfield code="6">100-01/r</subfield>
    <subfield code="a">تاودي، محمد،</subfield>
    <subfield code="d">1699 or 1700-1795.</subfield>
  </datafield>
  <datafield ind1="1" ind2="0" tag="880">
    <subfield code="6">240-02/r</subfield>
    <subfield code="a">شرح التاودي على تحفة الحكام</subfield>
  </datafield>
  <datafield ind1="1" ind2="0" tag="880">
    <subfield code="6">245-03/r</subfield>
    <subfield code="a">هذا شرح الامام العلامة الهمام شيخ الاسلام ومحرر النوازل والاحكام ابي عبد الله سيدي محمد التاودي بن سودة على تحفة الحكام ... للامام ... محمد بن محمد بن محمد بن عاصم الغرناطي.</subfield>
  </datafield>
  <datafield ind1="3" ind2="0" tag="880">
    <subfield code="6">246-04/r</subfield>
    <subfield code="a">شرح ابي عبد الله محمد التاودي بن سودة على تحفة الحكام</subfield>
  </datafield>
  <datafield ind1=" " ind2=" " tag="880">
    <subfield code="6">260-05/r</subfield>
    <subfield code="a">فاس :</subfield>
    <subfield code="b">مطبعة السعيدة العامرة،</subfield>
    <subfield code="c">1284 [1867]</subfield>
  </datafield>
  <datafield ind1="1" ind2="0" tag="880">
    <subfield code="6">600-06/r</subfield>
    <subfield code="a">ابن عاصم، محمد بن محمد،</subfield>
    <subfield code="d">1359-1426.</subfield>
    <subfield code="t">تحفة الحكام في نكة العقود والاحكام.</subfield>
  </datafield>
  <datafield ind1=" " ind2=" " tag="948">
    <subfield code="a">jeb</subfield>
  </datafield>
  <datafield ind1=" " ind2=" " tag="911">
    <subfield code="a">20000225</subfield>
  </datafield>
  <datafield ind1=" " ind2=" " tag="912">
    <subfield code="a">20000225052505.0</subfield>
  </datafield>
  <datafield ind1=" " ind2=" " tag="994">
    <subfield code="a">C0</subfield>
    <subfield code="b">PUL</subfield>
  </datafield>
  <datafield ind1=" " ind2=" " tag="999">
    <subfield code="a">2839685</subfield>
  </datafield>
  <datafield ind1="0" ind2="0" tag="852">
    <subfield code="0">3152277</subfield>
    <subfield code="b">nec</subfield>
    <subfield code="t">1</subfield>
    <subfield code="h">KBP320.I2624</subfield>
    <subfield code="i">T398 1867</subfield>
  </datafield>
  <datafield ind1=" " ind2=" " tag="959">
    <subfield code="a">2000-06-13 00:00:00 -0500</subfield>
  </datafield>
</record>
